<?xml version="1.0" encoding="utf-8"?>
<record xmlns="http://www.loc.gov/MARC21/slim" xmlns:xsi="http://www.w3.org/2001/XMLSchema-instance" xsi:schemaLocation="http://www.loc.gov/MARC21/slim http://www.loc.gov/standards/marcxml/schema/MARC21slim.xsd">
	<leader>     nam a22     Mi 4500</leader>
	<controlfield tag="001">b12483667</controlfield>
	<controlfield tag="003">UaCaAUL</controlfield>
	<controlfield tag="006">m        d        </controlfield>
	<controlfield tag="007">cr cn |||m|||a</controlfield>
	<controlfield tag="008">191028s1937    ua      ob    000 0 ara d</controlfield>
	<datafield ind1=" " ind2=" " tag="040">
		<subfield code="a">ZYU</subfield>
		<subfield code="b">ara</subfield>
		<subfield code="e">rda</subfield>
		<subfield code="c">ZYU</subfield>
	</datafield>
	<datafield ind1=" " ind2="4" tag="050">
		<subfield code="a">PJ7631</subfield>
		<subfield code="b">.T26 1937</subfield>
	</datafield>
	<datafield ind1="0" ind2="3" tag="245">
		<subfield code="6">880-01</subfield>
		<subfield code="a">al-Ṭarāʼif al-adabīyah :</subfield>
		<subfield code="b">wa-hiya majmūʻah min al-shiʻr tataʼallafu min qismayn /</subfield>
		<subfield code="c">ṣaḥḥaḥahu wa-kharrajahu wa-ʻāraḍahu ʻalá al-nusakh al-mukhtalifah wa-dhayyalahu ʻAbd al-ʻAzīz al-Maymanī, ustādh al-Adab al-ʻArabī bi-Jāmiʻat ʻUlaykarah bi-al-Hind.</subfield>
	</datafield>
	<datafield ind1=" " ind2="1" tag="264">
		<subfield code="6">880-02</subfield>
		<subfield code="a">al-Qāhirah :</subfield>
		<subfield code="b">Maṭbaʻat Lajnat al-Taʼlīf wa-al-Tarjamah wa-al-Nashr,</subfield>
		<subfield code="c">1937.</subfield>
	</datafield>
	<datafield ind1=" " ind2=" " tag="300">
		<subfield code="a">online resource (4, 305 pages)</subfield>
	</datafield>
	<datafield ind1=" " ind2=" " tag="336">
		<subfield code="a">text</subfield>
		<subfield code="2">rdacontent</subfield>
	</datafield>
	<datafield ind1=" " ind2=" " tag="337">
		<subfield code="a">computer</subfield>
		<subfield code="2">rdamedia</subfield>
	</datafield>
	<datafield ind1=" " ind2=" " tag="338">
		<subfield code="a">online resource</subfield>
		<subfield code="2">rdacarrier</subfield>
	</datafield>
	<datafield ind1=" " ind2=" " tag="500">
		<subfield code="6">880-03</subfield>
		<subfield code="a">At head of title page: Lajnat al-Taʼlīf wa-al-Tarjamah wa-al-Nashr.</subfield>
	</datafield>
	<datafield ind1=" " ind2=" " tag="500">
		<subfield code="a">Part of the Arabic Collections Online (ACO) project, contributed by American University in Cairo Library.</subfield>
	</datafield>
	<datafield ind1=" " ind2=" " tag="504">
		<subfield code="a">Includes bibliographical references.</subfield>
	</datafield>
	<datafield ind1="0" ind2=" " tag="505">
		<subfield code="6">880-04</subfield>
		<subfield code="a">al-qism al-awwal. Dīwān al-afwah al-awdī, wa-dīwān al-Shanfará, wa-tisʻ qaṣāʼid nādirah -- al-qism al-thānī. Dīwān Ibrāhīm ibn al-ʻAbbās al-Ṣūlī wa-al-mukhtār min shiʻr al-Mutanabbī wa-al-Buḥturī wa-Abī Tammām lil-Imām ʻAbd al-Qāhir al-Jurjānī.</subfield>
	</datafield>
	<datafield ind1=" " ind2=" " tag="533">
		<subfield code="a">Electronic reproduction.</subfield>
		<subfield code="b">New York, N.Y. :</subfield>
		<subfield code="c">New York University,</subfield>
		<subfield code="d">2019.</subfield>
		<subfield code="5">NNU</subfield>
	</datafield>
	<datafield ind1=" " ind2="0" tag="650">
		<subfield code="a">Arabic poetry.</subfield>
	</datafield>
	<datafield ind1=" " ind2="7" tag="650">
		<subfield code="a">Arabic poetry.</subfield>
		<subfield code="2">fast</subfield>
		<subfield code="0">(OCoLC)fst00812533</subfield>
	</datafield>
	<datafield ind1="1" ind2=" " tag="700">
		<subfield code="6">880-05</subfield>
		<subfield code="a">Rājkūtī, ʻAbd al-ʻAzīz al-Maymanī,</subfield>
		<subfield code="e">editor.</subfield>
	</datafield>
	<datafield ind1="1" ind2=" " tag="700">
		<subfield code="6">880-06</subfield>
		<subfield code="a">Afwah al-Awdī, Ṣalāʼah ibn ʻAmr,</subfield>
		<subfield code="d">-approximately 570.</subfield>
		<subfield code="t">Dīwān.</subfield>
	</datafield>
	<datafield ind1="0" ind2=" " tag="700">
		<subfield code="6">880-07</subfield>
		<subfield code="a">Shanfará.</subfield>
		<subfield code="t">Dīwān.</subfield>
	</datafield>
	<datafield ind1="1" ind2=" " tag="700">
		<subfield code="6">880-08</subfield>
		<subfield code="a">Ṣūlī, Ibrāhīm ibn al-ʻAbbās,</subfield>
		<subfield code="d">792-857.</subfield>
		<subfield code="t">Dīwān.</subfield>
	</datafield>
	<datafield ind1="1" ind2=" " tag="700">
		<subfield code="6">880-09</subfield>
		<subfield code="a">Jurjānī, ʻAbd al-Qāhir ibn ʻAbd al-Raḥmān,</subfield>
		<subfield code="d">-1078?</subfield>
		<subfield code="t">Mukhtār min shiʻr al-Mutanabbī wa-al-Buḥturī wa Abī Tammām.</subfield>
	</datafield>
	<datafield ind1="2" ind2=" " tag="710">
		<subfield code="a">American University in Cairo.</subfield>
		<subfield code="b">Library.</subfield>
	</datafield>
	<datafield ind1="0" ind2=" " tag="730">
		<subfield code="a">Arabic Collections Online.</subfield>
	</datafield>
	<datafield ind1="0" ind2="8" tag="776">
		<subfield code="i">Print version:</subfield>
		<subfield code="t">al-Ṭarāʼif al-adabīyah</subfield>
		<subfield code="w">(UaCaAUL)b12483667</subfield>
		<subfield code="w">(OCoLC)11907606</subfield>
	</datafield>
	<datafield ind1="4" ind2="0" tag="856">
		<subfield code="u">http://hdl.handle.net/2333.1/wdbrv94x</subfield>
	</datafield>
	<datafield ind1="0" ind2="2" tag="880">
		<subfield code="6">245-01</subfield>
		<subfield code="a">الطرائف الادبية :</subfield>
		<subfield code="b">وهي مجموعة من الشعر تتألف من قسمين /</subfield>
		<subfield code="c">صححه وخرجه وعارضه على النسخ المختلفة وذيله عبد العزيز الميمني، استاذ الادب العربي بجامعة عليكرة بالهند.</subfield>
	</datafield>
	<datafield ind1=" " ind2="1" tag="880">
		<subfield code="6">264-02</subfield>
		<subfield code="a">القاهرة :</subfield>
		<subfield code="b">مطبعة لجنة التأليف والترجمة والنشر،</subfield>
		<subfield code="c">1937.</subfield>
	</datafield>
	<datafield ind1=" " ind2=" " tag="880">
		<subfield code="6">500-03</subfield>
		<subfield code="a">At head of title page: لجنة التأليف والترجمة والنشر.</subfield>
	</datafield>
	<datafield ind1="0" ind2=" " tag="880">
		<subfield code="6">505-04</subfield>
		<subfield code="a">القسم الأول. ديوان الأفوه الأودي، وديوان الشنفرى، وتسع قصائد نادرة -- القسم الثاني. ديوان إبراهيم بن العباس الصولي والمختار من شعر المتنبي والبحتري وأبي تمام للإمام عبد القاهر الجرجاني.</subfield>
	</datafield>
	<datafield ind1="1" ind2=" " tag="880">
		<subfield code="6">700-05</subfield>
		<subfield code="a">راجكوتي، عبد العزيز الميمني.</subfield>
	</datafield>
	<datafield ind1="1" ind2=" " tag="880">
		<subfield code="6">700-06</subfield>
		<subfield code="a">أفوة الأودي، صلاءه بن عمرو،</subfield>
		<subfield code="d">- حوالي 570.</subfield>
		<subfield code="t">ديوان.</subfield>
	</datafield>
	<datafield ind1="0" ind2=" " tag="880">
		<subfield code="6">700-07</subfield>
		<subfield code="a">شنفرى.</subfield>
		<subfield code="t">ديوان.</subfield>
	</datafield>
	<datafield ind1="1" ind2=" " tag="880">
		<subfield code="6">700-08</subfield>
		<subfield code="a">صولي، إبراهيم بن العباس،</subfield>
		<subfield code="d">792-857.</subfield>
		<subfield code="t">ديوان.</subfield>
	</datafield>
	<datafield ind1="1" ind2=" " tag="880">
		<subfield code="6">700-09</subfield>
		<subfield code="a">جرجاني، عبد القاهر بن عبد الرحمن،</subfield>
		<subfield code="d">-1078؟</subfield>
		<subfield code="t">مختار من شعر المتنبي والبحتري و أبي تمام.</subfield>
	</datafield>
	<datafield ind1=" " ind2=" " tag="959">
		<subfield code="a">NNU</subfield>
		<subfield code="b">WEB</subfield>
		<subfield code="c">GENI</subfield>
		<subfield code="t">0</subfield>
		<subfield code="m">Electronic access</subfield>
		<subfield code="s">01</subfield>
	</datafield>
	<datafield ind1=" " ind2=" " tag="999">
		<subfield code="i">UaCaAUL_b12483667</subfield>
		<subfield code="o">(OCoLC)ocm11907606</subfield>
		<subfield code="s">auc_aco000999:</subfield>
		<subfield code="s">auc_aco000999:</subfield>
	</datafield>
</record>
